@inproceedings{wangVoxelurn,
  author    = {Sida I. Wang and
               Samuel Ginn and
               Percy Liang and
               Christopher D. Manning},
  title     = {Naturalizing a Programming Language via Interactive Learning},
  booktitle = {Proceedings of the 55th Annual Meeting of the Association for Computational
               Linguistics, {ACL} 2017, Vancouver, Canada, July 30 - August 4, Volume
               1: Long Papers},
  pages     = {929--938},
  year      = {2017},
  url       = {https://doi.org/10.18653/v1/P17-1086},
  doi       = {10.18653/v1/P17-1086},
  timestamp = {Fri, 04 Aug 2017 16:38:24 +0200},
  biburl    = {http://dblp.org/rec/bib/conf/acl/WangGLM17},
  bibsource = {dblp computer science bibliography, http://dblp.org}
}

@inproceedings{beltagyIFTT,
  author    = {I. Beltagy and
               Chris Quirk},
  title     = {Improved Semantic Parsers For If-Then Statements},
  booktitle = {Proceedings of the 54th Annual Meeting of the Association for Computational
               Linguistics, {ACL} 2016, August 7-12, 2016, Berlin, Germany, Volume
               1: Long Papers},
  year      = {2016},
  url       = {http://aclweb.org/anthology/P/P16/P16-1069.pdf},
  timestamp = {Mon, 15 Aug 2016 20:10:51 +0200},
  biburl    = {http://dblp.org/rec/bib/conf/acl/BeltagyQ16},
  bibsource = {dblp computer science bibliography, http://dblp.org}
}

@techreport{linTelina,
  author    = {Xi Victoria Lin and Chenglong Wang and Deric Pang and Kevin Vu and Luke Zettlemoyer and Michael D. Ernst},
  title     = {Program synthesis from natural language using recurrent neural networks},
  year      = {2017},
  url       = {https://pdfs.semanticscholar.org/8ec6/abfdc5009b4e490e975991c871dfeec05434.pdf},
  institution = {University of Washington, Department of Computer Science and Engineering}
}

@inproceedings{azariaLia,
  author    = {Amos Azaria and
               Jayant Krishnamurthy and
               Tom M. Mitchell},
  title     = {Instructable Intelligent Personal Agent},
  booktitle = {Proceedings of the Thirtieth {AAAI} Conference on Artificial Intelligence,
               February 12-17, 2016, Phoenix, Arizona, {USA.}},
  pages     = {2681--2689},
  year      = {2016},
  url       = {http://www.aaai.org/ocs/index.php/AAAI/AAAI16/paper/view/12383},
  timestamp = {Wed, 05 Apr 2017 12:53:50 +0200},
  biburl    = {http://dblp.org/rec/bib/conf/aaai/AzariaKM16},
  bibsource = {dblp computer science bibliography, http://dblp.org}
}

@inproceedings{kollarDIalog,
  author    = {Thomas Kollar and
               Vittorio Perera and
               Daniele Nardi and
               Manuela M. Veloso},
  title     = {Learning environmental knowledge from task-based human-robot dialog},
  booktitle = {2013 {IEEE} International Conference on Robotics and Automation, Karlsruhe,
               Germany, May 6-10, 2013},
  pages     = {4304--4309},
  year      = {2013},
  url       = {https://doi.org/10.1109/ICRA.2013.6631186},
  doi       = {10.1109/ICRA.2013.6631186},
  timestamp = {Mon, 22 May 2017 17:12:15 +0200},
  biburl    = {http://dblp.org/rec/bib/conf/icra/KollarPNV13},
  bibsource = {dblp computer science bibliography, http://dblp.org}
}

@inproceedings{thomasonDialog,
  author    = {Jesse Thomason and
               Shiqi Zhang and
               Raymond J. Mooney and
               Peter Stone},
  title     = {Learning to Interpret Natural Language Commands through Human-Robot
               Dialog},
  booktitle = {Proceedings of the Twenty-Fourth International Joint Conference on
               Artificial Intelligence, {IJCAI} 2015, Buenos Aires, Argentina, July
               25-31, 2015},
  pages     = {1923--1929},
  year      = {2015},
  url       = {http://ijcai.org/Abstract/15/273},
  timestamp = {Wed, 20 Jul 2016 15:18:06 +0200},
  biburl    = {http://dblp.org/rec/bib/conf/ijcai/ThomasonZMS15},
  bibsource = {dblp computer science bibliography, http://dblp.org}
}

@article{hadasTranslatingStructuredEnglish,
  author    = {Hadas Kress{-}Gazit and
               Georgios E. Fainekos and
               George J. Pappas},
  title     = {Translating Structured English to Robot Controllers},
  journal   = {Advanced Robotics},
  volume    = {22},
  number    = {12},
  pages     = {1343--1359},
  year      = {2008},
  url       = {https://doi.org/10.1163/156855308X344864},
  doi       = {10.1163/156855308X344864},
  timestamp = {Mon, 05 Jun 2017 20:44:05 +0200},
  biburl    = {http://dblp.org/rec/bib/journals/ar/Kress-GazitFP08},
  bibsource = {dblp computer science bibliography, http://dblp.org}
}

@article{hadasProvablyCorrectReactiveControlFromNaturalLanguage,
  author    = {Constantine Lignos and
               Vasumathi Raman and
               Cameron Finucane and
               Mitchell P. Marcus and
               Hadas Kress{-}Gazit},
  title     = {Provably correct reactive control from natural language},
  journal   = {Auton. Robots},
  volume    = {38},
  number    = {1},
  pages     = {89--105},
  year      = {2015},
  url       = {https://doi.org/10.1007/s10514-014-9418-8},
  doi       = {10.1007/s10514-014-9418-8},
  timestamp = {Thu, 18 May 2017 09:50:50 +0200},
  biburl    = {http://dblp.org/rec/bib/journals/arobots/LignosRFMK15},
  bibsource = {dblp computer science bibliography, http://dblp.org}
}

@inproceedings{hadasLTLMop,
  author    = {Cameron Finucane and
               Gangyuan Jing and
               Hadas Kress{-}Gazit},
  title     = {LTLMoP: Experimenting with language, Temporal Logic and robot control},
  booktitle = {2010 {IEEE/RSJ} International Conference on Intelligent Robots and
               Systems, October 18-22, 2010, Taipei, Taiwan},
  pages     = {1988--1993},
  year      = {2010},
  url       = {https://doi.org/10.1109/IROS.2010.5650371},
  doi       = {10.1109/IROS.2010.5650371},
  timestamp = {Mon, 22 May 2017 17:11:40 +0200},
  biburl    = {http://dblp.org/rec/bib/conf/iros/FinucaneJK10},
  bibsource = {dblp computer science bibliography, http://dblp.org}
}

@inproceedings{tellexGrounding,
  author    = {Stefanie Tellex and
               Thomas Kollar and
               Steven Dickerson and
               Matthew R. Walter and
               Ashis Gopal Banerjee and
               Seth J. Teller and
               Nicholas Roy},
  title     = {Understanding Natural Language Commands for Robotic Navigation and
               Mobile Manipulation},
  booktitle = {Proceedings of the Twenty-Fifth {AAAI} Conference on Artificial Intelligence,
               {AAAI} 2011, San Francisco, California, USA, August 7-11, 2011},
  year      = {2011},
  url       = {http://www.aaai.org/ocs/index.php/AAAI/AAAI11/paper/view/3623},
  timestamp = {Tue, 09 Aug 2011 08:42:18 +0200},
  biburl    = {http://dblp.org/rec/bib/conf/aaai/TellexKDWBTR11},
  bibsource = {dblp computer science bibliography, http://dblp.org}
}
@inproceedings{paulGrounding,
  author    = {Rohan Paul and
               Jacob Arkin and
               Nicholas Roy and
               Thomas M. Howard},
  title     = {Efficient Grounding of Abstract Spatial Concepts for Natural Language
               Interaction with Robot Manipulators},
  booktitle = {Robotics: Science and Systems XII, University of Michigan, Ann Arbor,
               Michigan, USA, June 18 - June 22, 2016},
  year      = {2016},
  url       = {http://www.roboticsproceedings.org/rss12/p37.html},
  timestamp = {Thu, 27 Oct 2016 11:11:53 +0200},
  biburl    = {http://dblp.org/rec/bib/conf/rss/PaulARH16},
  bibsource = {dblp computer science bibliography, http://dblp.org}
}

@inproceedings{boteanuVerifiableGrounding,
  author    = {Adrian Boteanu and
               Thomas M. Howard and
               Jacob Arkin and
               Hadas Kress{-}Gazit},
  title     = {A model for verifiable grounding and execution of complex natural
               language instructions},
  booktitle = {2016 {IEEE/RSJ} International Conference on Intelligent Robots and
               Systems, {IROS} 2016, Daejeon, South Korea, October 9-14, 2016},
  pages     = {2649--2654},
  year      = {2016},
  url       = {https://doi.org/10.1109/IROS.2016.7759412},
  doi       = {10.1109/IROS.2016.7759412},
  timestamp = {Mon, 22 May 2017 17:11:21 +0200},
  biburl    = {http://dblp.org/rec/bib/conf/iros/BoteanuHAK16},
  bibsource = {dblp computer science bibliography, http://dblp.org}
}
@inproceedings{roboFlow,
  author    = {Sonya Alexandrova and
               Zachary Tatlock and
               Maya Cakmak},
  title     = {RoboFlow: {A} flow-based visual programming language for mobile manipulation
               tasks},
  booktitle = {{IEEE} International Conference on Robotics and Automation, {ICRA} 2015, Seattle, WA, USA, 26-30 May, 2015},
  pages     = {5537--5544},
  year      = {2015},
  url       = {https://doi.org/10.1109/ICRA.2015.7139973},
  doi       = {10.1109/ICRA.2015.7139973},
  timestamp = {Mon, 22 May 2017 17:12:24 +0200},
  biburl    = {http://dblp.org/rec/bib/conf/icra/AlexandrovaTC15},
  bibsource = {dblp computer science bibliography, http://dblp.org}
}

@inproceedings{programmingLanguageIsNaturalLanguage,
  author    = {Michael D. Ernst},
  title     = {Natural Language is a Programming Language: Applying Natural Language
               Processing to Software Development},
  booktitle = {2nd Summit on Advances in Programming Languages, {SNAPL} 2017, May
               7-10, 2017, Asilomar, CA, {USA}},
  pages     = {4:1--4:14},
  year      = {2017},
  url       = {https://doi.org/10.4230/LIPIcs.SNAPL.2017.4},
  doi       = {10.4230/LIPIcs.SNAPL.2017.4},
  timestamp = {Tue, 30 May 2017 12:57:44 +0200},
  biburl    = {http://dblp.org/rec/bib/conf/snapl/Ernst17},
  bibsource = {dblp computer science bibliography, http://dblp.org}
}

@book{shrdlu,
 author = {Winograd, Terry},
 title = {Understanding Natural Language},
 year = {1972},
 isbn = {0127597506},
 publisher = {Academic Press, Inc.},
 address = {Orlando, FL, USA},
} 